<record><leader>00000cas a2200000 a 4500</leader><controlfield tag="001">22527832</controlfield><controlfield tag="008">901017d19201921iluwr ne      0    0eng c</controlfield><datafield ind1=" " ind2=" " tag="010"><subfield code="a">sn 90054575 </subfield></datafield><datafield ind1=" " ind2=" " tag="040"><subfield code="a">NVF</subfield><subfield code="b">eng</subfield><subfield code="c">NVF</subfield><subfield code="d">CVF</subfield><subfield code="d">NVF</subfield><subfield code="d">OCLCQ</subfield><subfield code="d">OCLCF</subfield><subfield code="d">OCLCO</subfield></datafield><datafield ind1="1" ind2=" " tag="029"><subfield code="a">AU@</subfield><subfield code="b">000020631485</subfield></datafield><datafield ind1=" " ind2=" " tag="042"><subfield code="a">pcc</subfield></datafield><datafield ind1=" " ind2=" " tag="043"><subfield code="a">n-us-il</subfield></datafield><datafield ind1="0" ind2="0" tag="245"><subfield code="a">Henry current news.</subfield></datafield><datafield ind1=" " ind2=" " tag="260"><subfield code="a">Henry, Ill. :</subfield><subfield code="b">J.E. Carlson,</subfield><subfield code="c">1920-1921.</subfield></datafield><datafield ind1=" " ind2=" " tag="300"><subfield code="a">v.</subfield></datafield><datafield ind1=" " ind2=" " tag="310"><subfield code="a">Weekly</subfield></datafield><datafield ind1="0" ind2=" " tag="362"><subfield code="a">Vol. 36, no. 49 (Dec. 2, 1920)-v. 37, no. 23 (June 2, 1921).</subfield></datafield><datafield ind1=" " ind2=" " tag="580"><subfield code="a">Merged with: Henry Republican, to form: Henry news-Republican.</subfield></datafield><datafield ind1=" " ind2="0" tag="651"><subfield code="a">Henry (Ill.)</subfield><subfield code="v">Newspapers.</subfield></datafield><datafield ind1=" " ind2="7" tag="655"><subfield code="a">Newspapers.</subfield><subfield code="2">fast</subfield><subfield code="0">(OCoLC)fst01423814</subfield></datafield><datafield ind1=" " ind2="7" tag="651"><subfield code="a">Illinois</subfield><subfield code="z">Henry.</subfield><subfield code="2">fast</subfield><subfield code="0">(OCoLC)fst01226730</subfield></datafield><datafield ind1=" " ind2=" " tag="752"><subfield code="a">United States</subfield><subfield code="b">Illinois</subfield><subfield code="c">Marshall</subfield><subfield code="d">Henry.</subfield></datafield><datafield ind1="0" ind2="0" tag="780"><subfield code="t">Henry times (Henry, Ill. : 1899)</subfield><subfield code="w">(DLC)sn 87082786</subfield><subfield code="w">(OCoLC)15875231</subfield></datafield><datafield ind1="1" ind2="7" tag="785"><subfield code="t">Henry Republican</subfield><subfield code="w">(DLC)sn 85033728</subfield><subfield code="w">(OCoLC)12220545</subfield></datafield><datafield ind1="1" ind2="7" tag="785"><subfield code="t">Henry news-Republican</subfield><subfield code="w">(DLC)sn 89080056</subfield><subfield code="w">(OCoLC)22433988</subfield></datafield></record>